@book{Antunes-Nobrega:630827,
      author        = "Antunes-Nobrega, R and others",
      title         = "{LHCb reoptimized detector design and performance:
                       Technical Design Report}",
      publisher     = "CERN",
      collaboration = "LHCb Collaboration",
      address       = "Geneva",
      series        = "Technical Design Report LHCb",
      year          = "2003",
      url           = "https://cds.cern.ch/record/630827",
}

@techreport{Ponce:1496875,
      author        = "Ponce, S\'ebastien",
      title         = "{Detector Description Framework in LHCb}",
      institution   = "CERN",
      address       = "Geneva",
      number        = "LHCb-PROC-2003-004. CERN-LHCb-PROC-2003-004",
      month         = "Mar",
      year          = "2003",
      reportNumber  = "LHCb-PROC-2003-004",
      url           = "https://cds.cern.ch/record/1496875",
}

@article{Aihara:2009ad,
      author         = "Aihara, H. and Burrows, P. and Oreglia, M. and Berger, E.
                        L. and Guarino, V. and Repond, J. and Weerts, H. and Xia,
                        L. and Zhang, J. and Zhang, Q. and others ",
      title          = "{SiD Letter of Intent}",
      year           = "2009",
      eprint         = "0911.0006",
      archivePrefix  = "arXiv",
      primaryClass   = "physics.ins-det",
      reportNumber   = "SLAC-R-989, FERMILAB-LOI-2009-01, FERMILAB-PUB-09-681-E",
      SLACcitation   = "%%CITATION = ARXIV:0911.0006;%%"
}

@article{Abe:2010aa,
      author         = "Abe, Toshinori and others",
      title          = "{The International Large Detector: Letter of Intent}",
      collaboration  = "Linear Collider ILD Concept Group -",
      doi            = "10.2172/975166",
      year           = "2010",
      eprint         = "1006.3396",
      archivePrefix  = "arXiv",
      primaryClass   = "hep-ex",
      reportNumber   = "FERMILAB-LOI-2010-03, FERMILAB-PUB-09-682-E, DESY-09-87,
                        KEK-REPORT-2009-6",
      SLACcitation   = "%%CITATION = ARXIV:1006.3396;%%"
}

@article{Brun2003676,
      author         = "Brun, R. and Gheata, A. and Gheata, M.",
      title          = "{The ROOT geometry package}",
      booktitle      = "{Advanced computing and analysis techniques in physics
                        research. Proceedings, 8th International Workshop, ACAT
                        2002, Moscow, Russia, June 24-28, 2002}",
      journal        = "Nucl. Instrum. Meth.",
      volume         = "A502",
      year           = "2003",
      pages          = "676-680",
      doi            = "10.1016/S0168-9002(03)00541-2",
      SLACcitation   = "%%CITATION = NUIMA,A502,676;%%"
}

@article{Agostinelli:2002hh,
      author         = "Agostinelli, S. and others",
      title          = "{GEANT4: A Simulation toolkit}",
      collaboration  = "GEANT4",
      journal        = "Nucl. Instrum. Meth.",
      volume         = "A506",
      year           = "2003",
      pages          = "250-303",
      doi            = "10.1016/S0168-9002(03)01368-8",
      reportNumber   = "SLAC-PUB-9350, FERMILAB-PUB-03-339",
      SLACcitation   = "%%CITATION = NUIMA,A506,250;%%"
}

@article{Brun:1997pa,
      author         = "Brun, R. and Rademakers, F.",
      title          = "{ROOT: An object oriented data analysis framework}",
      booktitle      = "{New computing techniques in physics research V.
                        Proceedings, 5th International Workshop, AIHENP '96,
                        Lausanne, Switzerland, September 2-6, 1996}",
      journal        = "Nucl. Instrum. Meth.",
      volume         = "A389",
      year           = "1997",
      pages          = "81-86",
      doi            = "10.1016/S0168-9002(97)00048-X",
      SLACcitation   = "%%CITATION = NUIMA,A389,81;%%"
}

@INPROCEEDINGS{Gaede:81331,
      author       = {Gaede, F. and Graf, N. and Johnson, T.},
      title        = {{LCGO} - geometry description for {ILC} detectors},
      reportid     = {PHPPUBDB-6036},
      year         = {2007},
      month         = {Sep},
      date          = {2007-09-02},
      organization  = {International Conference on Computing
                       in High Energy and Nuclear Physics,
                       Victoria (Canada), 2 Sep 2007 - 7 Sep
                       2007},
      cin          = {IT},
      cid          = {$I:(DE-H253)IT_-2012_-20120307$},
      pnm          = {Facility (machine) ILC $R\&D$ (POF1-510)},
      pid          = {G:(DE-H253)POF1-ILC-20130405},
      experiment   = {EXP:(DE-H253)ILC(machine)-20150101},
      typ          = {PUB:(DE-HGF)6},
      url          = {http://bib-pubdb1.desy.de/record/81331},
}

@online{dd4hep-repo,
    title = {The DD4hep Project Repository},
    author = {},
    url = {https://github.com/AIDASoft/DD4hep},
    year = {2016},
    month = Oct,
    day = {16}
}

@article{Chytracek:2006be,
      author         = "Chytracek, R. and McCormick, J. and Pokorski, W. and
                        Santin, G.",
      title          = "{Geometry description markup language for physics
                        simulation and analysis applications.}",
      journal        = "IEEE Trans. Nucl. Sci.",
      volume         = "53",
      year           = "2006",
      pages          = "2892",
      doi            = "10.1109/TNS.2006.881062",
      reportNumber   = "SLAC-PUB-12301",
      SLACcitation   = "%%CITATION = IETNA,53,2892;%%"
}

